<?xml version="1.0" encoding="UTF-8"?><collection xmlns="http://www.loc.gov/MARC21/slim"><record><leader>00513nam--2200193-i-4500</leader><controlfield tag="001">000037038</controlfield><controlfield tag="002">20161230</controlfield><controlfield tag="005">20161230201041</controlfield><controlfield tag="008">060222s1000------------r-----000-0-rus-d</controlfield><datafield ind1=" " ind2=" " tag="040"><subfield code="a">IFIN-HH</subfield></datafield><datafield ind1=" " ind2=" " tag="041"><subfield code="a">rus</subfield></datafield><datafield ind1=" " ind2=" " tag="080"><subfield code="a">539.2:536.21</subfield></datafield><datafield ind1="1" ind2=" " tag="100"><subfield code="a">Filippov, P.I</subfield></datafield><datafield ind1="1" ind2="0" tag="245"><subfield code="a">Metodi opredelenia teplofiziceskih svoistv tverdih tel</subfield><subfield code="c">P.i. filippov, a.m. timofeev</subfield></datafield><datafield ind1=" " ind2=" " tag="260"><subfield code="a">Bnovosibirsk</subfield><subfield code="b">Nuaka</subfield><subfield code="c">1976</subfield></datafield><datafield ind1=" " ind2=" " tag="300"><subfield code="a">103P</subfield></datafield><datafield ind1="1" ind2=" " tag="700"><subfield code="a">Timofeev, A.M</subfield></datafield><datafield ind1=" " ind2=" " tag="852"><subfield code="a">44298</subfield><subfield code="c">539.2</subfield></datafield><datafield ind1=" " ind2=" " tag="CAT"><subfield code="a">Sys</subfield><subfield code="c">20121025</subfield><subfield code="h">173752</subfield></datafield></record></collection>